<?xml version="1.0" encoding="UTF-8"?><collection xmlns="http://www.loc.gov/MARC21/slim"><record><leader>00361nam--2200133-i-4500</leader><controlfield tag="001">000030692</controlfield><controlfield tag="002">20161230</controlfield><controlfield tag="005">20161230201038</controlfield><controlfield tag="008">060222s1000------------r-----000-0-eng-d</controlfield><datafield ind1=" " ind2=" " tag="080"><subfield code="a">537.311.33:621.382:539.2</subfield></datafield><datafield ind1=" " ind2=" " tag="100"><subfield code="a">Matare, Herbert F</subfield></datafield><datafield ind1=" " ind2=" " tag="245"><subfield code="a">Defect electronics in semiconductors</subfield></datafield><datafield ind1=" " ind2=" " tag="260"><subfield code="a">New York, Wiley-interscience, 1971, Xi + 639p</subfield></datafield><datafield ind1=" " ind2=" " tag="852"><subfield code="a">35268</subfield></datafield></record></collection>